
% BibTeX Entries
@inbook{DM,
 author               = {Jiawei Han and Micheline Kamber and Jian Pei},
 booktitle            = {Data Mining},
 journal              = {Unknown Journal},
 pages                = {744},
 publisher            = {Elsevier},
 title                = {Data Mining : concepts and techniques, Third Edition},
 year                 = {2011},
 }

@misc{Graph,
 author               = {Emden R. Gansner and Eleftherios Koutsofios and Stephen North},
 month                = {January},
 title                = {Drawing graphs with dot},
howpublished = "\url{http://www.graphviz.org/pdf/dotguide.pdf}", 
 year                 = {2015},
 }

 @misc{Weka,
 author               = {The University of Waikato},
 title                = {Weka API},
howpublished = "\url{http://weka.sourceforge.net/doc.stable/}", 
 year        	         = {2009},
 }

 @misc{Haversine,
 author               = {Chris Veness},
 title                = {Calculate distance, bearing and more between Latitude/Longitude points},
howpublished = "\url{http://www.movable-type.co.uk/scripts/latlong.html}", 
 year        	         = {2002},
 }